<?xml version="1.0" encoding="UTF-8"?><collection xmlns="http://www.loc.gov/MARC21/slim"><record><leader>00493nam--2200181-i-4500</leader><controlfield tag="001">000027587</controlfield><controlfield tag="002">20161230</controlfield><controlfield tag="005">20161230201036</controlfield><controlfield tag="008">060222s1000------------r-----000-0-rum-d</controlfield><datafield ind1=" " ind2=" " tag="040"><subfield code="a">IFIN-HH</subfield></datafield><datafield ind1=" " ind2=" " tag="041"><subfield code="a">rum</subfield></datafield><datafield ind1=" " ind2=" " tag="080"><subfield code="a">534.7</subfield></datafield><datafield ind1="1" ind2=" " tag="100"><subfield code="a">Krasilnikov, V.A</subfield></datafield><datafield ind1="1" ind2="0" tag="245"><subfield code="a">Unde sonore in aer, apa si corpuri solide</subfield><subfield code="b">Traducere din limba rusa</subfield><subfield code="c">V.a. krasilnikov</subfield></datafield><datafield ind1=" " ind2=" " tag="260"><subfield code="a">Bucuresti, Editura Tehnica, 1957,</subfield></datafield><datafield ind1=" " ind2=" " tag="300"><subfield code="a">431P.+ ERATA</subfield></datafield><datafield ind1=" " ind2=" " tag="852"><subfield code="a">4995</subfield><subfield code="c">534</subfield></datafield><datafield ind1=" " ind2=" " tag="CAT"><subfield code="a">Sys</subfield><subfield code="c">20101005</subfield><subfield code="h">134530</subfield></datafield></record></collection>